<?xml version="1.0" encoding="UTF-8"?><collection xmlns="http://www.loc.gov/MARC21/slim"><record><leader>00383nam--2200133-i-4500</leader><controlfield tag="001">000012787</controlfield><controlfield tag="002">20161230</controlfield><controlfield tag="005">20161230201030</controlfield><controlfield tag="008">060222s1000------------r-----000-0-eng-d</controlfield><datafield ind1=" " ind2=" " tag="080"><subfield code="a">621.039.58:621.3LL.2</subfield></datafield><datafield ind1=" " ind2=" " tag="245"><subfield code="a">Saaurance de la qualite pour la surete des centrales nucleaires.code de bonne pratique</subfield></datafield><datafield ind1=" " ind2=" " tag="260"><subfield code="a">Vienna, Iaea , 1979</subfield></datafield><datafield ind1=" " ind2=" " tag="490"><subfield code="a">Collection Securite</subfield></datafield><datafield ind1=" " ind2=" " tag="852"><subfield code="a">11497</subfield></datafield></record></collection>